<record><leader>00000cas a2200000 a 4500</leader><controlfield tag="001">9361293</controlfield><controlfield tag="008">830330d18431864nyudn ne      0    0eng c</controlfield><datafield ind1=" " ind2=" " tag="010"><subfield code="a">sn 83030121 </subfield></datafield><datafield ind1=" " ind2=" " tag="040"><subfield code="a">NPU</subfield><subfield code="b">eng</subfield><subfield code="c">NPU</subfield><subfield code="d">NPX</subfield><subfield code="d">DLC</subfield><subfield code="d">OCL</subfield><subfield code="d">DLC</subfield><subfield code="d">NYS</subfield><subfield code="d">CNK</subfield><subfield code="d">OCL</subfield><subfield code="d">CRL</subfield><subfield code="d">NYS</subfield><subfield code="d">OCLCQ</subfield><subfield code="d">KRTAS</subfield><subfield code="d">DLC</subfield><subfield code="d">OCLCQ</subfield><subfield code="d">OCLCF</subfield><subfield code="d">OCLCO</subfield></datafield><datafield ind1=" " ind2=" " tag="019"><subfield code="a">9357156</subfield></datafield><datafield ind1="1" ind2=" " tag="029"><subfield code="a">AU@</subfield><subfield code="b">000020399324</subfield></datafield><datafield ind1=" " ind2=" " tag="042"><subfield code="a">pcc</subfield></datafield><datafield ind1=" " ind2=" " tag="043"><subfield code="a">n-us-ny</subfield></datafield><datafield ind1="0" ind2="0" tag="050"><subfield code="a">Newspaper</subfield></datafield><datafield ind1="0" ind2="0" tag="245"><subfield code="a">New York morning express.</subfield></datafield><datafield ind1="1" ind2=" " tag="246"><subfield code="i">Published in 1851 with title:</subfield><subfield code="a">New York morning express, for the union</subfield></datafield><datafield ind1=" " ind2=" " tag="260"><subfield code="a">New York [N.Y.] :</subfield><subfield code="b">Townsend &amp; Brooks,</subfield><subfield code="c">1843-[1864]</subfield></datafield><datafield ind1=" " ind2=" " tag="300"><subfield code="a">v. :</subfield><subfield code="b">ill. ;</subfield><subfield code="c">71 cm.</subfield></datafield><datafield ind1=" " ind2=" " tag="310"><subfield code="a">Daily (except Sunday)</subfield></datafield><datafield ind1="0" ind2=" " tag="362"><subfield code="a">Vol. 7, no. 1965 (Apr. 17, 1843)-</subfield></datafield><datafield ind1="1" ind2=" " tag="362"><subfield code="a">Ceased in 1864.</subfield></datafield><datafield ind1=" " ind2=" " tag="580"><subfield code="a">Wednesday weekly ed.: New York dollar weekly express.</subfield></datafield><datafield ind1=" " ind2=" " tag="580"><subfield code="a">Friday weekly ed.: New York weekly express.</subfield></datafield><datafield ind1=" " ind2=" " tag="580"><subfield code="a">Campaign ed.: Dollar express.</subfield></datafield><datafield ind1=" " ind2="0" tag="651"><subfield code="a">New York (N.Y.)</subfield><subfield code="v">Newspapers.</subfield></datafield><datafield ind1=" " ind2="0" tag="651"><subfield code="a">New York County (N.Y.)</subfield><subfield code="v">Newspapers.</subfield></datafield><datafield ind1=" " ind2="7" tag="655"><subfield code="a">Newspapers.</subfield><subfield code="2">fast</subfield><subfield code="0">(OCoLC)fst01423814</subfield></datafield><datafield ind1=" " ind2="7" tag="651"><subfield code="a">New York (State)</subfield><subfield code="z">New York.</subfield><subfield code="2">fast</subfield><subfield code="0">(OCoLC)fst01204333</subfield></datafield><datafield ind1=" " ind2="7" tag="651"><subfield code="a">New York (State)</subfield><subfield code="z">New York County.</subfield><subfield code="2">fast</subfield><subfield code="0">(OCoLC)fst01234953</subfield></datafield><datafield ind1=" " ind2=" " tag="752"><subfield code="a">United States</subfield><subfield code="b">New York</subfield><subfield code="c">New York</subfield><subfield code="d">New York.</subfield></datafield><datafield ind1="0" ind2=" " tag="775"><subfield code="t">New York evening express</subfield><subfield code="w">(DLC)sn 83030103</subfield><subfield code="w">(OCoLC)9369125</subfield></datafield><datafield ind1="0" ind2=" " tag="775"><subfield code="t">New York semi-weekly express</subfield><subfield code="w">(DLC)sn 83030079</subfield><subfield code="w">(OCoLC)9341129</subfield></datafield><datafield ind1="1" ind2=" " tag="775"><subfield code="t">New York dollar weekly express</subfield><subfield code="w">(DLC)sn 92061647</subfield><subfield code="w">(OCoLC)25037554</subfield></datafield><datafield ind1="1" ind2=" " tag="775"><subfield code="t">New York weekly express</subfield><subfield code="w">(DLC)sn 83030080</subfield><subfield code="w">(OCoLC)9347181</subfield></datafield><datafield ind1="1" ind2=" " tag="775"><subfield code="t">Dollar express</subfield><subfield code="w">(DLC)sn 87073035</subfield><subfield code="w">(OCoLC)16349279</subfield></datafield><datafield ind1="0" ind2="0" tag="780"><subfield code="t">New York daily express</subfield><subfield code="w">(DLC)sn 83030063</subfield><subfield code="w">(OCoLC)2264958</subfield></datafield><datafield ind1=" " ind2=" " tag="938"><subfield code="a">Kirtas Technologies, Inc.</subfield><subfield code="b">KRTS</subfield><subfield code="n">736389</subfield></datafield></record>